id,time(utc timestamp),amount(USD),price,side
0,1617354318793000,205700.0,60744.0,buy
1,1617354318793000,100000.0,60761.5,buy
2,1617354318793000,2000.0,60771.5,buy
3,1617354318793000,6000.0,60777.5,buy
4,1617354318793000,2170.0,60783.5,buy
5,1617354318793000,308550.0,60792.5,buy
6,1617354318793000,1940.0,60809.5,buy
7,1617354318793000,8000.0,60814.0,buy
8,1617354318793000,2830.0,60838.0,buy
9,1617354318793000,362810.0,60840.5,buy
10,1617354851323000,1440.0,60773.5,buy
11,1617354851323000,215870.0,60774.0,buy
12,1617354851323000,2360.0,60801.5,buy
13,1617354851323000,2000.0,60814.0,buy
14,1617354851323000,100000.0,60816.5,buy
15,1617354851323000,305640.0,60817.0,buy
16,1617354851323000,6000.0,60823.5,buy
17,1617354851323000,2560.0,60828.0,buy
18,1617354851323000,8000.0,60855.5,buy
19,1617354851323000,356130.0,60859.5,buy
20,1617354904996000,100500.0,60772.5,buy
21,1617354904996000,2000.0,60774.5,buy
22,1617354904996000,6000.0,60777.5,buy
23,1617354904996000,215740.0,60800.5,buy
24,1617354904996000,1860.0,60801.5,buy
25,1617354904996000,8000.0,60806.5,buy
26,1617354904996000,2560.0,60828.0,buy
27,1617354904996000,323620.0,60854.0,buy
28,1617354904996000,16000.0,60893.5,buy
29,1617354904996000,323720.0,60907.0,buy
30,1617355016280000,500.0,60847.0,buy
31,1617355016280000,207880.0,60851.5,buy
32,1617355016280000,2000.0,60852.5,buy
33,1617355016280000,100000.0,60858.5,buy
34,1617355016280000,6000.0,60862.5,buy
35,1617355016280000,8000.0,60887.5,buy
36,1617355016280000,311820.0,60904.5,buy
37,1617355016280000,16000.0,60938.0,buy
38,1617355016280000,347800.0,60958.0,buy
39,1617355029390000,4620.0,60804.5,buy
40,1617355029390000,6000.0,60809.5,buy
41,1617355029390000,214080.0,60812.0,buy
42,1617355029390000,100000.0,60828.0,buy
43,1617355029390000,2260.0,60833.5,buy
44,1617355029390000,8000.0,60851.5,buy
45,1617355029390000,1960.0,60859.0,buy
46,1617355029390000,320370.0,60862.5,buy
47,1617355029390000,7080.0,60912.0,buy
48,1617355029390000,335630.0,60912.5,buy
49,1617355274865000,100000.0,60676.5,buy
50,1617355274865000,198940.0,60719.5,buy
51,1617355274865000,6000.0,60723.0,buy
52,1617355274865000,2000.0,60725.5,buy
53,1617355274865000,2030.0,60734.0,buy
54,1617355274865000,8000.0,60763.5,buy
55,1617355274865000,298400.0,60786.5,buy
56,1617355274865000,16000.0,60842.0,buy
57,1617355274865000,30000.0,60848.5,buy
58,1617355274865000,338630.0,60853.5,buy
59,1617355323773000,2500.0,60743.0,buy
60,1617355323773000,214800.0,60748.0,buy
61,1617355323773000,6000.0,60754.5,buy
62,1617355323773000,100000.0,60760.0,buy
63,1617355323773000,8000.0,60784.5,buy
64,1617355323773000,322200.0,60817.0,buy
65,1617355323773000,1810.0,60853.5,buy
66,1617355323773000,16000.0,60854.0,buy
67,1617355323773000,5270.0,60885.0,buy
68,1617355323773000,323420.0,60885.5,buy
69,1617355382699000,2500.0,60738.5,buy
70,1617355382699000,100000.0,60747.0,buy
71,1617355382699000,6000.0,60752.0,buy
72,1617355382699000,2060.0,60757.0,buy
73,1617355382699000,202220.0,60767.0,buy
74,1617355382699000,8000.0,60792.5,buy
75,1617355382699000,303320.0,60825.5,buy
76,1617355382699000,16000.0,60845.0,buy
77,1617355382699000,1810.0,60853.5,buy
78,1617355382699000,358090.0,60883.5,buy
79,1617355758989000,500.0,60820.5,buy
80,1617355758989000,2000.0,60846.0,buy
81,1617355758989000,204030.0,60849.5,buy
82,1617355758989000,106000.0,60863.0,buy
83,1617355758989000,1810.0,60874.0,buy
84,1617355758989000,8000.0,60889.0,buy
85,1617355758989000,306050.0,60891.5,buy
86,1617355758989000,362720.0,60933.0,buy
87,1617355758989000,5270.0,60945.5,buy
88,1617355758989000,3620.0,60946.0,buy
89,1617355800778000,2500.0,60833.5,buy
90,1617355800778000,204030.0,60849.5,buy
91,1617355800778000,6000.0,60850.5,buy
92,1617355800778000,100000.0,60856.0,buy
93,1617355800778000,1960.0,60858.0,buy
94,1617355800778000,8000.0,60870.5,buy
95,1617355800778000,306050.0,60891.5,buy
96,1617355800778000,7080.0,60932.5,buy
97,1617355800778000,362720.0,60933.0,buy
98,1617355800778000,1660.0,60946.0,buy
99,1617355945819000,2000.0,60880.5,buy
100,1617355945819000,210820.0,60887.5,buy
101,1617355945819000,6000.0,60889.5,buy
102,1617355945819000,8000.0,60912.0,buy
103,1617355945819000,100000.0,60928.5,buy
104,1617355945819000,1810.0,60936.0,buy
105,1617355945819000,316230.0,60944.5,buy
106,1617355945819000,5270.0,60961.0,buy
107,1617355945819000,16000.0,60961.5,buy
108,1617355945819000,333870.0,61001.0,buy
109,1617356157382000,2000.0,60928.0,buy
110,1617356157382000,6000.0,60934.0,buy
111,1617356157382000,8000.0,60961.0,buy
112,1617356157382000,2480.0,60968.0,buy
113,1617356157382000,205810.0,60983.5,buy
114,1617356157382000,100000.0,61007.5,buy
115,1617356157382000,308710.0,61028.5,buy
116,1617356157382000,1810.0,61042.5,buy
117,1617356157382000,16000.0,61043.0,buy
118,1617356157382000,349190.0,61074.0,buy
119,1617356379727000,110.0,60928.5,buy
120,1617356379727000,162650.0,60944.0,buy
121,1617356379727000,2000.0,60974.5,buy
122,1617356379727000,243970.0,60978.0,buy
123,1617356379727000,6000.0,60982.0,buy
124,1617356379727000,2080.0,60988.5,buy
125,1617356379727000,8000.0,61007.5,buy
126,1617356379727000,289150.0,61012.5,buy
127,1617356379727000,1820.0,61016.0,buy
128,1617356379727000,284220.0,61019.0,buy
129,1617356400508000,110.0,60928.5,buy
130,1617356400508000,212110.0,60974.0,buy
131,1617356400508000,2000.0,60974.5,buy
132,1617356400508000,6000.0,60982.0,buy
133,1617356400508000,8000.0,61007.5,buy
134,1617356400508000,1810.0,61012.0,buy
135,1617356400508000,318160.0,61014.0,buy
136,1617356400508000,1820.0,61016.0,buy
137,1617356400508000,366160.0,61027.5,buy
138,1617356400508000,83830.0,61042.5,buy
139,1617356494387000,2340.0,60973.0,buy
140,1617356494387000,2000.0,60995.0,buy
141,1617356494387000,6200.0,61000.0,buy
142,1617356494387000,202860.0,61014.0,buy
143,1617356494387000,8000.0,61034.0,buy
144,1617356494387000,366240.0,61039.5,buy
145,1617356494387000,100000.0,61048.5,buy
146,1617356494387000,304280.0,61063.5,buy
147,1617356494387000,8080.0,61078.5,buy
148,1617356521676000,2200.0,61004.5,buy
149,1617356521676000,6000.0,61012.5,buy
150,1617356521676000,202860.0,61014.0,buy
151,1617356521676000,2190.0,61017.5,buy
152,1617356521676000,8000.0,61034.0,buy
153,1617356521676000,100000.0,61048.5,buy
154,1617356521676000,366330.0,61054.5,buy
155,1617356521676000,304280.0,61063.5,buy
156,1617356521676000,8140.0,61078.5,buy
157,1617356587137000,213770.0,60970.5,buy
158,1617356587137000,2200.0,60973.5,buy
159,1617356587137000,2830.0,60992.5,buy
160,1617356587137000,6000.0,60994.5,buy
161,1617356587137000,320660.0,61009.0,buy
162,1617356587137000,8000.0,61013.0,buy
163,1617356587137000,100000.0,61016.5,buy
164,1617356587137000,2190.0,61017.5,buy
165,1617356587137000,344350.0,61036.0,buy
166,1617356670660000,2200.0,60964.0,buy
167,1617356670660000,175250.0,60964.5,buy
168,1617356670660000,6000.0,60967.0,buy
169,1617356670660000,8000.0,60991.5,buy
170,1617356670660000,2910.0,60992.0,buy
171,1617356670660000,100000.0,61005.5,buy
172,1617356670660000,366050.0,61008.0,buy
173,1617356670660000,262880.0,61010.0,buy
174,1617356670660000,2190.0,61017.5,buy
175,1617356670660000,74520.0,61056.0,buy
176,1617356726007000,211450.0,60955.5,buy
177,1617356726007000,4690.0,60978.5,buy
178,1617356726007000,6000.0,60980.0,buy
179,1617356726007000,200.0,60982.0,buy
180,1617356726007000,317170.0,60997.0,buy
181,1617356726007000,100000.0,61008.0,buy
182,1617356726007000,8000.0,61009.5,buy
183,1617356726007000,352490.0,61010.0,buy
184,1617356766493000,166910.0,60960.0,buy
185,1617356766493000,10990.0,60969.0,buy
186,1617356766493000,8000.0,60974.0,buy
187,1617356766493000,2830.0,60992.5,buy
188,1617356766493000,250360.0,61000.5,buy
189,1617356766493000,366040.0,61006.5,buy
190,1617356766493000,100000.0,61008.0,buy
191,1617356766493000,2190.0,61017.5,buy
192,1617356766493000,8000.0,61018.5,buy
193,1617356766493000,84680.0,61041.5,buy
194,1617356826092000,2000.0,60986.5,buy
195,1617356826092000,194330.0,60995.5,buy
196,1617356826092000,6000.0,61000.5,buy
197,1617356826092000,2420.0,61027.5,buy
198,1617356826092000,374220.0,61037.5,buy
199,1617356826092000,100000.0,61039.0,buy
200,1617356826092000,291490.0,61041.5,buy
201,1617356826092000,1810.0,61056.0,buy
202,1617356826092000,16000.0,61086.0,buy
203,1617356826092000,11730.0,61087.5,buy
204,1617356894973000,190380.0,61041.0,buy
205,1617356894973000,700.0,61055.5,buy
206,1617356894973000,2080.0,61070.5,buy
207,1617356894973000,368490.0,61082.0,buy
208,1617356894973000,281860.0,61087.0,buy
209,1617356894973000,6000.0,61089.0,buy
210,1617356894973000,2450.0,61095.0,buy
211,1617356894973000,10.0,61099.5,buy
212,1617356894973000,8000.0,61116.0,buy
213,1617356894973000,140030.0,61132.5,buy
214,1617357166315000,10990.0,60993.5,buy
215,1617357166315000,201840.0,60994.0,buy
216,1617357166315000,2000.0,61011.5,buy
217,1617357166315000,1870.0,61013.5,buy
218,1617357166315000,6000.0,61016.5,buy
219,1617357166315000,100000.0,61019.0,buy
220,1617357166315000,366200.0,61034.0,buy
221,1617357166315000,302770.0,61039.0,buy
222,1617357166315000,2850.0,61039.5,buy
223,1617357166315000,5480.0,61053.0,buy
224,1617357180942000,10990.0,60993.5,buy
225,1617357180942000,201840.0,60994.0,buy
226,1617357180942000,2000.0,61011.5,buy
227,1617357180942000,1870.0,61013.5,buy
228,1617357180942000,6000.0,61016.5,buy
229,1617357180942000,100000.0,61019.0,buy
230,1617357180942000,302770.0,61039.0,buy
231,1617357180942000,2850.0,61039.5,buy
232,1617357180942000,366250.0,61042.0,buy
233,1617357180942000,5430.0,61053.0,buy
234,1617357323879000,150280.0,60989.5,buy
235,1617357323879000,5360.0,61015.0,buy
236,1617357323879000,100000.0,61024.0,buy
237,1617357323879000,6000.0,61027.0,buy
238,1617357323879000,225630.0,61030.0,buy
239,1617357323879000,2850.0,61039.5,buy
240,1617357323879000,366310.0,61051.5,buy
241,1617357323879000,8000.0,61053.0,buy
242,1617357323879000,2750.0,61066.5,buy
243,1617357323879000,132820.0,61071.0,buy
244,1617357366251000,2000.0,61003.0,buy
245,1617357366251000,207550.0,61008.5,buy
246,1617357366251000,10990.0,61014.5,buy
247,1617357366251000,8750.0,61015.0,buy
248,1617357366251000,100000.0,61024.0,buy
249,1617357366251000,2850.0,61039.5,buy
250,1617357366251000,366240.0,61040.5,buy
251,1617357366251000,301620.0,61051.5,buy
252,1617357571287000,610.0,61015.5,buy
253,1617357571287000,2000.0,61020.0,buy
254,1617357571287000,10990.0,61024.0,buy
255,1617357571287000,100000.0,61024.5,buy
256,1617357571287000,215790.0,61029.5,buy
257,1617357571287000,372210.0,61034.5,buy
258,1617357571287000,8000.0,61055.0,buy
259,1617357571287000,2750.0,61066.5,buy
260,1617357571287000,287650.0,61073.0,buy
261,1617357600852000,810.0,61015.5,buy
262,1617357600852000,2000.0,61020.0,buy
263,1617357600852000,10990.0,61024.0,buy
264,1617357600852000,100000.0,61024.5,buy
265,1617357600852000,215790.0,61029.5,buy
266,1617357600852000,6000.0,61034.5,buy
267,1617357600852000,366220.0,61037.5,buy
268,1617357600852000,8000.0,61055.0,buy
269,1617357600852000,290190.0,61073.0,buy
